@article{baskakov1983,
author = {Баскаков, А.Г.},
journal = {Sibirskij matematiceskij zurnal},
keywords = {similarity of a certain class of non-self-adjoint operators; abstract harmonic analysis; group algebras; unperturbed operator; spectrality of perturbed spectral operators with discrete spectrum; asymptotics of eigenvalues; convergence of spectral expansions of perturbed operators},
language = {rus},
number = {1},
pages = {21-39},
publisher = {Izd. AN SSSR},
title = {Методы абстрактного гармонического анализа в теории возмущений линейных операторов},
url = {http://eudml.org/doc/62252},
volume = {24},
year = {1983},
}

@article{baskakov-harmonic,
  title={Гармонический анализ линейных операторов},
  author={Баскаков, Анатолий Григорьевич},
  year={1987}
}

@book{godsil2013algebraic,
  title={Algebraic graph theory},
  author={Godsil, Chris and Royle, Gordon F},
  volume={207},
  year={2013},
  publisher={Springer Science \& Business Media}
}

@misc{cvetkovic1980spectra,
  title={Spectra of Graph-Theory and Applications},
  author={Cvetkovi{\'c}, D and Doob, M and Sachs, H},
  year={1980},
  publisher={Academic Press, New York}
}

@inproceedings{wang2003epidemic,
  title={Epidemic spreading in real networks: An eigenvalue viewpoint},
  author={Wang, Yang and Chakrabarti, Deepayan and Wang, Chenxi and Faloutsos, Christos},
  booktitle={Reliable Distributed Systems, 2003. Proceedings. 22nd International Symposium on},
  pages={25--34},
  year={2003},
  organization={IEEE}
}

@article{chakrabarti2008epidemic,
  title={Epidemic thresholds in real networks},
  author={Chakrabarti, Deepayan and Wang, Yang and Wang, Chenxi and Leskovec, Jurij and Faloutsos, Christos},
  journal={ACM Transactions on Information and System Security (TISSEC)},
  volume={10},
  number={4},
  pages={1},
  year={2008},
  publisher={ACM}
}
