@INPROCEEDINGS{epidemic-eigenvalues,
    author={Yang Wang and D. Chakrabarti and Chenxi Wang and C. Faloutsos},
    booktitle={22nd International Symposium on Reliable Distributed Systems, 2003. Proceedings.},
    title={Epidemic spreading in real networks: an eigenvalue viewpoint},
    year={2003},
    pages={25-34},
    keywords={computer networks;computer viruses;eigenvalues and eigenfunctions;graph theory;telecommunication security;computer virus;eigenvalue viewpoint;epidemic spreading;epidemic threshold conditions;finite graph;infinite power-law graphs;model virus propagation;network graphs;real networks;Eigenvalues and eigenfunctions;Intelligent networks},
    doi={10.1109/RELDIS.2003.1238052},
    ISSN={1060-9857},
    month={Oct},}
@book{baskakov-harmonic,
   title =     {Гармонический анализ линейных операторов},
   author =    {Баскаков А.Г.},
   publisher = {},
   isbn =      {},
   year =      {1987},
   series =    {},
   edition =   {},
   volume =    {},
   url =       {http://gen.lib.rus.ec/book/index.php?md5=597E6B8A3AC1D2039129E094AC1C6311}
}
@book{baskakov-algebra,
   title =     {Лекции по алгебре},
   author =    {Баскаков А.Г.},
   publisher = {Издательско-полиграфический центр ВГУ},
   isbn =      {},
   year =      {2013},
   series =    {},
   edition =   {3},
   volume =    {},
   url =       {http://gen.lib.rus.ec/book/index.php?md5=e9d2aaaf91c8f691c0aadd1ee49bdaf4}
}
